@book{Wa13,
  title={Information visualization. Perception for design},
  author={Ware, C.},
  year={2012},
  publisher={Morgan Kaufmann}
}

@inproceedings{stag19,
  title={A visualization tool for scholarly data},
  author={M. Salinas and D. Giorgi and F. Ponchio and P. Cignoni},
  booktitle={Eurographics Conference on Smart Tools and Applications in Graphicsl},
  year={2019},
  organization={Eurographics Digital Library}
}

@article{IsIs*17,
author={P. {Isenberg} and T. {Isenberg} and M. {Sedlmair} and J. {Chen} and T. {Möller}},
journal={IEEE Transactions on Visualization and Computer Graphics},
title={Visualization as Seen through its Research Paper Keywords},
year={2017},
volume={23},
number={1},
pages={771-780}
}

@article{vEW10,
author={N.J. Van-Eck and L. Waltman},
journal={Scientometrics},
title={Software survey: VOSviewer, a computer program for bibliometric mapping},
year={2010},
volume={84},
number={2},
pages={523-538}
}

@article{HoSz*14,
author={A. Hoonlor and B. K. Szymanski and M. J. Zaki},
journal={Communications of the ACM},
title={Trends in computer science research},
year={2013},
volume={56},
number={10},
pages={74-83}
}


@article{D3js11,
 author = {Bostock, Michael and Ogievetsky, Vadim and Heer, Jeffrey},
 title = {D3 Data-Driven Documents},
 journal = {IEEE Transactions on Visualization and Computer Graphics},
 issue_date = {December 2011},
 volume = {17},
 number = {12},
 month = dec,
 year = {2011},
 issn = {1077-2626},
 pages = {2301--2309},
 numpages = {9},
 acmid = {2068631},
 publisher = {IEEE Educational Activities Department},
 address = {Piscataway, NJ, USA},
 keywords = {Information visualization, user interfaces, toolkits, 2D graphics.}
} 


@article{FeHe17,
 author = {Federico, Paolo and Heimerl, Florian and Koch, Steffen and Miksch, Silvia},
 title = {A Survey on Visual Approaches for Analyzing Scientific Literature and Patents},
 journal = {IEEE Transactions on Visualization and Computer Graphics},
 volume = {23},
 number = {9},
 year = {2017},
 pages = {2179--2198},
 publisher = {IEEE}
} 

@article{KhLi17,
 author = {Khan, Samiya and Liu, Xiufeng and Shakil, Kashish A. and Alam, Mansaf},
 title = {A survey on scholarly data: From big data perspective},
 journal = {Information Processing and Management},
 volume = {53},
 year = {2017},
 pages = {923--944},
 publisher = {Elsevier}
} 

@inproceedings{ley2002dblp,
  title={The DBLP computer science bibliography: Evolution, research issues, perspectives},
  author={Ley, Michael},
  booktitle={International symposium on string processing and information retrieval},
  pages={1--10},
  year={2002},
  organization={Springer}
}

@inproceedings{ammar:18,
title={Construction of the Literature Graph in Semantic Scholar},
author={Waleed Ammar and Dirk Groeneveld and Chandra Bhagavatula and Iz Beltagy and Miles Crawford and Doug Downey
 and Jason Dunkelberger and Ahmed Elgohary and Sergey Feldman and Vu Ha and Rodney Kinney
 and Sebastian Kohlmeier and Kyle Lo and Tyler Murray and Hsu-Han Ooi and Matthew Peters and Joanna Power
 and Sam Skjonsberg and Lucy Lu Wang and Chris Wilhelm and Zheng Yuan and Madeleine van Zuylen and Oren Etzioni},
booktitle={NAACL},
year={2018}
}

@article{WaCh10,
 author = {F. Wang and N. Shi and B. Chen},
 title = {A comprehensive survey of the reviewer assignment problem},
 journal = {International Journal of Information Technology \& Decision Making},
 volume = {9},
 number = {4},
 year = {2010},
 pages = {645--668}
} 

@inproceedings{SiZh15,
title={An Overview of Microsoft Academic Service (MA) and Applications},
author={Arnab Sinha and Zhihong Shen and Yang Song and Hao Ma and Darrin Eide and Bo-June (Paul) Hsu and Kuansan Wang},
booktitle={Proceedings of the 24th International Conference on World Wide Web (WWW '15 Companion)},
publisher={ACM New York, USA},
year={2015}
}

@misc{scopus,
   title = "Scopus fact sheet",
   year = 2019,
   url = "https://www.elsevier.com/__data/assets/pdf_file/0010/891397/Scopus_GlobalResearch_Factsheet2019_FINAL_WEB.pdf",
note = {Accessed on February 14th, 2020} 
 }

@misc{WoS,
   title = "Web of Science platform: Summary of Coverage",
   url = "https://clarivate.libguides.com/webofscienceplatform/coverage",
  year = {2020},
   note = {Accessed on February 14th, 2020} 
 }

@misc{DBLPrate,
   title = "DBLP Statistics - New Records per Year",
   year = {2019},
   url = "https://dblp.uni-trier.de/statistics/newrecordsperyear.html",
  note = {Accessed on February 14th, 2020} 
 }

@misc{MA,
   title = "Microsoft Academic",
   url = "https://academic.microsoft.com/",
  year = {2020},
  note = {Accessed on February 14th, 2020} 
 }


@book{Ch13,
  title={Mapping Scientific Frontiers - The Quest for Knowledge Visualization},
  author={Chen, C.},
  series={Elementary Differential Geometry Series},
  year={2013},
	edition = {Revised 2nd Edition},
  publisher={Springer}
}

@article{GaPu03,
 author = {E. Garfield and A.~I. Pudovkin and V.~S. Istomin},
 title = {Why do we need algorithmic historiography?},
 journal = {Journal of the American Society for Information Science and Technology},
 volume = {54},
 year = {2003},
 pages = {400--412}
} 

@article{ChYa11,
 author = {J.-K. Chou and C.-K. Yang},
 title = {PaperVis: Literature review made easy},
 journal = {Computer Graphics Forum},
 volume = {30},
 year = {2011},
 pages = {721--730}
} 

@article{vEWa14,
 author = {N.~J. van Eck and L. Waltman},
 title = {CiteNetExplorer: A new software tool for analyzing and visualizing citation networks},
 journal = {Journal of Informetrics},
 volume = {8},
 year = {2014},
 pages = {802--823}
} 

@article{GoLi13,
 author = {C. G\"{o}rg and Z. Liu and J. Kihm and J. Choo and H. Park and J. Stasko},
 title = {Combining Computational Analyses and Interactive Visualization for Document Exploration and Sensemaking in Jigsaw},
 journal = {IEEE transactions on Visualization and Computer Graphics},
 volume = {19},
 number = {10}, 
 year = {2013},
 pages = {1646--1663}
} 

@inProceedings{OsMo13,
author="Osborne, Francesco
and Motta, Enrico
and Mulholland, Paul",
editor="Alani, Harith
and Kagal, Lalana
and Fokoue, Achille
and Groth, Paul
and Biemann, Chris
and Parreira, Josiane Xavier
and Aroyo, Lora
and Noy, Natasha
and Welty, Chris
and Janowicz, Krzysztof",
title="Exploring Scholarly Data with Rexplore",
booktitle="The Semantic Web -- ISWC 2013",
year="2013",
publisher="Springer Berlin Heidelberg",
address="Berlin, Heidelberg",
pages="460--477",
isbn="978-3-642-41335-3"
}

@article{MiAi14,
 author = {Silvia Miksch and Wolfgang Aigner},
 title = {A matter of time: Applying a data–users–tasks design triangle to visual analytics of time-oriented data},
 journal = {Computers \& Graphics},
 volume = {38}, 
 year = {2014},
 pages = {286--290}
} 

@article{BoMu15,
 author = {Lutz Bornmann  and R\"{u}diger Mutz},
 title = {Growth rates of modern science: A bibliometric analysis based on the number of publications and cited references },
 journal = {Journal of the Association for Information Science and Technology},
 volume = {66}, 
number = {11},
 year = {2015},
 pages = {2215-2222}
} 
